@mick{Ducas2017,
  title={CRYSTALS-Dilithium Algorithm Specifications and Supporting Documentation},
  author={L{\'e}o Ducas and Eike Kiltz and Tancr{\`e}de Lepoint and Vadim Lyubashevsky and Peter Schwabe and Gregor Seiler and Damien Stehl{\'e}},
  year={2017},
  url={https://api.semanticscholar.org/CorpusID:198994007}
}

@misc{Krahmer24,
      author = {Elisabeth Krahmer and Peter Pessl and Georg Land and Tim GÃ¼neysu},
      title = {Correction Fault Attacks on Randomized {CRYSTALS}-Dilithium},
      howpublished = {Cryptology {ePrint} Archive, Paper 2024/138},
      year = {2024},
      url = {https://eprint.iacr.org/2024/138}
}

@misc{Wang2023,
      author = {Huaxin Wang and Yiwen Gao and Yuejun Liu and Qian Zhang and Yongbin Zhou},
      title = {In-depth Correlation Power Analysis Attacks on a Hardware Implementation of {CRYSTALS}-Dilithium},
      howpublished = {Cryptology {ePrint} Archive, Paper 2023/1891},
      year = {2023},
      url = {https://eprint.iacr.org/2023/1891}
}



